/home/brandon/Documents/BibTeX/library.bib