/home/brandon/Documents/BibTeX Files/MEng.bib